@article{mcilwain2014crux,
  title={Crux: rapid open source protein tandem mass spectrometry analysis},
  author={McIlwain, Sean and Tamura, Kaipo and Kertesz-Farkas, Attila and Grant, Charles E and Diament, Benjamin and Frewen, Barbara and Howbert, J Jeffry and Hoopmann, Michael R and Käll, Lukas and Eng, Jimmy K and others},
  journal={Journal of proteome research},
  volume={13},
  number={10},
  pages={4488--4491},
  year={2014},
  publisher={ACS Publications}
}

@article{kong2017msfragger,
  title={MSFragger: ultrafast and comprehensive peptide identification in mass spectrometry-based proteomics},
  author={Kong, Andy T and Leprevost, Felipe V and Avtonomov, Dmitry M and Mellacheruvu, Dattatreya and Nesvizhskii, Alexey I},
  journal={Nature Methods},
  volume={14},
  number={5},
  pages={513--520},
  year={2017},
  publisher={Nature Research}
}